ISA*00*          *00*          *ZZ*UHC         *ZZ*PROVIDERID   *210101*1253*^*00501*000000905*0*T*:~
GS*HP*UHC*PROVIDERID*20210101*1253*905*X*005010X221A1~
ST*835*0001~
BPR*I*1000*C*ACH*CCP*01*123456789*DA*987654321*20210101~
TRN*1*1234567890*9876543210~
REF*EV*UHCREF~
DTM*405*20210101~
N1*PR*UHC*XV*12345~
CLP*PCN123456789*1*1500*1000*500*12*1234567890*11~
CAS*CO*45*500~
NM1*QC*1*DOE*JOHN****MI*123456789A~
NM1*82*1*PROV*DOC****XX*4567890123~
SVC*HC:99213*1500*1000*1~
CAS*CO*45*500~
DTM*472*20210101~
SE*14*0001~
GE*1*905~
IEA*1*000000905~